@Misc{maaten2009,
author = {L. J. P. {van der Maaten} and E. O. Postma and H. J. {van den Herik}},
title = {Dimensionality Reduction : A Comparative Review},
howpublished = {online},
month = {},
year = {2009},
 annote = {},
 url = {https://lvdmaaten.github.io/publications/papers/TR_Dimensionality_Reduction_Review_2009.pdf},
 lastchecked = {March 2020}
}

@Misc{maaten2008,
author = {L. J. P. {van der Maaten} and E. O. Postma and H. J. {van den Herik}},
title = {Dimensionality Reduction : A Comparative Review},
howpublished = {online},
month = {},
year = {2008},
 annote = {},
 url = {http://citeseerx.ist.psu.edu/viewdoc/download?doi=10.1.1.112.5472&rep=rep1&type=pdf},
 lastchecked = {March 2020}
}
@Book{taylor2004,
 title = {Kernel Methods for Pattern Analysis},
 publisher = {Cambridge Univerrsity Press},
 year = {2004},
author = {John Shawe-Taylor and Nello Cristianini},
address = {Cambridge},
 annote = {}
}
